<record><leader>00000cas a2200000 a 4500</leader><controlfield tag="001">20683188</controlfield><controlfield tag="007">hd afu---baca</controlfield><controlfield tag="007">hd bfu---baaa</controlfield><controlfield tag="007">hd bfu---baba</controlfield><controlfield tag="008">891121d18uu1850tnuwr nea     0    0eng c</controlfield><datafield ind1=" " ind2=" " tag="010"><subfield code="a">sn 98016245 </subfield></datafield><datafield ind1=" " ind2=" " tag="040"><subfield code="a">EMT</subfield><subfield code="b">eng</subfield><subfield code="c">EMT</subfield><subfield code="d">ATL</subfield><subfield code="d">OCLCQ</subfield><subfield code="d">OCLCF</subfield><subfield code="d">OCLCO</subfield><subfield code="d">OCLCQ</subfield></datafield><datafield ind1=" " ind2=" " tag="042"><subfield code="a">pcc</subfield></datafield><datafield ind1=" " ind2=" " tag="043"><subfield code="a">n-us-tn</subfield></datafield><datafield ind1="1" ind2="4" tag="050"><subfield code="a">BX8201</subfield></datafield><datafield ind1="0" ind2="0" tag="245"><subfield code="a">Nashville Christian advocate.</subfield></datafield><datafield ind1=" " ind2=" " tag="260"><subfield code="a">Nashville :</subfield><subfield code="b">J.B. M'Ferrin &amp; M.M. Henkle,</subfield><subfield code="c">-1850.</subfield></datafield><datafield ind1=" " ind2=" " tag="300"><subfield code="a">14 volumes</subfield></datafield><datafield ind1=" " ind2=" " tag="310"><subfield code="a">Weekly</subfield></datafield><datafield ind1=" " ind2=" " tag="336"><subfield code="a">text</subfield><subfield code="b">txt</subfield><subfield code="2">rdacontent</subfield></datafield><datafield ind1=" " ind2=" " tag="337"><subfield code="a">microform</subfield><subfield code="b">h</subfield><subfield code="2">rdamedia</subfield></datafield><datafield ind1=" " ind2=" " tag="338"><subfield code="a">microfilm reel</subfield><subfield code="b">hd</subfield><subfield code="2">rdacarrier</subfield></datafield><datafield ind1="0" ind2=" " tag="362"><subfield code="a">-v. 14, no. 61 (Dec. 26, 1850) = -whole no. 737.</subfield></datafield><datafield ind1=" " ind2=" " tag="515"><subfield code="a">No issue published last week of Dec. each year.</subfield></datafield><datafield ind1=" " ind2=" " tag="588"><subfield code="a">Description based on: Vol. 11, no. 1 (Oct. 30, 1846).</subfield></datafield><datafield ind1=" " ind2=" " tag="533"><subfield code="a">Microfilm.</subfield><subfield code="m">v.11-14 (1846-1850):[Lacks:v.14:no. 8,36-37]</subfield><subfield code="b">Evanston, Ill. : American Theological Library Association,</subfield><subfield code="d">[195?].</subfield><subfield code="e">2 microfilm reels ; 35 mm.</subfield><subfield code="f">(ATLA serials preservation program ; ATLA film S0023A).</subfield><subfield code="n">Reel 2 includes some issues of the later title.</subfield></datafield><datafield ind1="2" ind2="0" tag="610"><subfield code="a">Methodist Episcopal Church, South</subfield><subfield code="v">Periodicals.</subfield></datafield><datafield ind1="2" ind2="7" tag="610"><subfield code="a">Methodist Episcopal Church, South.</subfield><subfield code="2">fast</subfield><subfield code="0">(OCoLC)fst00541686</subfield></datafield><datafield ind1=" " ind2="7" tag="655"><subfield code="a">Periodicals.</subfield><subfield code="2">fast</subfield><subfield code="0">(OCoLC)fst01411641</subfield></datafield><datafield ind1="1" ind2=" " tag="776"><subfield code="c">Original</subfield><subfield code="w">(DLC)sn 88067029</subfield><subfield code="w">(OCoLC)17425533</subfield></datafield><datafield ind1="0" ind2="0" tag="785"><subfield code="t">Nashville and Louisville Christian advocate</subfield><subfield code="w">(DLC)sn 98016247</subfield><subfield code="w">(OCoLC)20683137</subfield></datafield><datafield ind1=" " ind2="0" tag="830"><subfield code="a">ATLA serials preservation program ;</subfield><subfield code="v">ATLA film S0023A.</subfield></datafield><datafield ind1="1" ind2=" " tag="029"><subfield code="a">AU@</subfield><subfield code="b">000014126639</subfield></datafield></record>